

@Article{sas1,
  author 	= "The power to know",
  title 	= "What is hadhoop?",
  month 	= Nov,
  year 		= "2007",
  url		= "https://www.sas.com/en_us/insights/big-data/hadoop.html",
  note		= "",
}

@Article{Wikipedia2017,
  author  = {Wikipedia},
  title   = {Relational database management system},
  journal = {wikipedia},
  year    = {2017},
  volume  = {1},
  number  = {1},
  pages   = {1},
  month   = jan,
  issn    = {1},
  note    = {1},
  url     = {https://en.wikipedia.org/wiki/Relational_database_management_system},
}

