% Encoding: UTF-8


@Book{Kohavi1,
  author 	= "R. Kohavi and F. Provost",
  title 	= "Machine Learning",
  journal 	= "Communications of the ACM",
  volume 	= "30",
  number 	= "2-3",
  month 	= jan,
  year 		= "1998",
  pages 	= "271--274",
}

@online{Ophir,
  author  = { Ophir Tanz and Cambron Carter},
  title   = {Why the future of deep learning depends on finding good data},
  year    = {2017},
  url     = {https://techcrunch.com/2017/07/21/why-the-future-of-deep-learning-depends-on-finding-good-data/},
  lastaccessed = "October 09, 2017",
}

@online{Mathworks01,
  author =       "Mathworks",
  year =         "2016",
  title =        "Introducing Machine Learning",
  url =          "https://www.mathworks.com/discovery/supervised-learning.html",
  lastaccessed = "October 09, 2017",
}

@online{Mathworks02,
  author =       "Mathworks",
  year =         "2016",
  title =        "Introducing Machine Learning",
  url =          "https://www.mathworks.com/discovery/unsupervised-learning.html",
  lastaccessed = "October 09, 2017",
}

@online{Bernard01,
  author =       "Bernard Marr",
  year =         "2016",
  title =        "The Top 10 AI And Machine Learning Use Cases Everyone Should Know About",
  url =          "https://www.forbes.com/sites/bernardmarr/2016/09/30/what-are-the-top-10-use-cases-for-machine-learning-and-ai/#7d4886ea94c9",
  lastaccessed = "October 09, 2017",
}

@online{Margaret01,
  author =       "Margaret Rouse",
  year =         "2017",
  title =        "data mining",
  url =          "http://searchsqlserver.techtarget.com/definition/data-mining",
  lastaccessed = "October 09, 2017",
}

